@book{schell2008art,
  title={The Art of Game Design: A book of lenses},
  author={Schell, Jesse},
  year={2008},
  publisher={CRC press}
}

@book{yannakakis2018artificial,
  title={Artificial intelligence and games},
  author={Yannakakis, Georgios N and Togelius, Julian},
  volume={2},
  year={2018},
  publisher={Springer}
}

@book{han2022data,
  title={Data mining: concepts and techniques},
  author={Han, Jiawei and Pei, Jian and Tong, Hanghang},
  year={2022},
  publisher={Morgan kaufmann}
}

@article{sarker2020cybersecurity,
  title={Cybersecurity data science: an overview from machine learning perspective},
  author={Sarker, Iqbal H and Kayes, ASM and Badsha, Shahriar and Alqahtani, Hamed and Watters, Paul and Ng, Alex},
  journal={Journal of Big data},
  volume={7},
  pages={1--29},
  year={2020},
  publisher={Springer}
}

@article{kaelbling1996reinforcement,
  title={Reinforcement learning: A survey},
  author={Kaelbling, Leslie Pack and Littman, Michael L and Moore, Andrew W},
  journal={Journal of artificial intelligence research},
  volume={4},
  pages={237--285},
  year={1996}
}

@book{mohammed2016machine,
  title={Machine learning: algorithms and applications},
  author={Mohammed, Mohssen and Khan, Muhammad Badruddin and Bashier, Eihab Bashier Mohammed},
  year={2016},
  publisher={Crc Press}
}

@book{sutton2018reinforcement,
  title={Reinforcement learning: An introduction},
  author={Sutton, Richard S and Barto, Andrew G},
  year={2018},
  publisher={MIT press}
}

@misc{Deshai_2017,
  author = {Deshai, Rajiv},
  title = {Artificial Intelligence (AI)},
  year = {2017},
  month = {March},
  url = {https://drrajivdesaimd.com/2017/03/23/artificial-intelligence-ai/}
}

@article{thakur2021fundamentals,
  title={Fundamentals of neural networks},
  author={Thakur, Amey and Konde, Archit},
  journal={International Journal for Research in Applied Science and Engineering Technology},
  volume={9},
  pages={407--26},
  year={2021}
}

@article{bengio2013representation,
  title={Representation learning: A review and new perspectives},
  author={Bengio, Yoshua and Courville, Aaron and Vincent, Pascal},
  journal={IEEE transactions on pattern analysis and machine intelligence},
  volume={35},
  number={8},
  pages={1798--1828},
  year={2013},
  publisher={IEEE}
}

@article{mnih2015human,
  title={Human-level control through deep reinforcement learning},
  author={Mnih, Volodymyr and Kavukcuoglu, Koray and Silver, David and Rusu, Andrei A and Veness, Joel and Bellemare, Marc G and Graves, Alex and Riedmiller, Martin and Fidjeland, Andreas K and Ostrovski, Georg and others},
  journal={nature},
  volume={518},
  number={7540},
  pages={529--533},
  year={2015},
  publisher={Nature Publishing Group}
}

@article{silver2016mastering,
  title={Mastering the game of Go with deep neural networks and tree search},
  author={Silver, David and Huang, Aja and Maddison, Chris J and Guez, Arthur and Sifre, Laurent and Van Den Driessche, George and Schrittwieser, Julian and Antonoglou, Ioannis and Panneershelvam, Veda and Lanctot, Marc and others},
  journal={nature},
  volume={529},
  number={7587},
  pages={484--489},
  year={2016},
  publisher={Nature Publishing Group}
}

@article{li2017deep,
  title={Deep reinforcement learning: An overview},
  author={Li, Yuxi},
  journal={arXiv preprint arXiv:1701.07274},
  year={2017}
}